
@article{wik,
  author  = {},
  title   = {Composition (combinatorics)},
  journal = {Wikipedia},
  year    = {\date{02.05.2021}},
  url     = {https://en.wikipedia.org/wiki/Composition_(combinatorics)}
}

@article{lanczos,
  author  = {C. W. Groetsch },
  title   = {Lanczo's Generalized Derivative },
  journal = {The American Mathematical Monthly},
  year    = {1998},
  url     = {https://www.jstor.org/stable/2589707}
}

@article{hosono,
  author  = {Toshio Hosono},
  title   = {Numerical algorithm for Taylor series expansion},
  journal = {Electronics and Communications in Japan},
  volume  = {Part 1: Communications},
  year    = {1986},
  url     = {https://onlinelibrary.wiley.com/doi/epdf/10.1002/ecja.4410690602}
}

@article{lyness-delves,
  author  = {J. N. Lyness and L. M. Delves},
  title   = {On Numerical Contour Integration Round a Closed Contour},
  journal = {AMS},
  volume  = {21},
  number  = {100},
  year    = {1967},
  url     = {https://www.ams.org/journals/mcom/1967-21-100/S0025-5718-1967-0229388-0/S0025-5718-1967-0229388-0.pdf}
}